@techreport{ed-hammam2023,
  title={Modeling the Yaw Behavior of Tail Fins for Small Wind Turbines: November 22, 2021-May 21, 2024},
  author={Hammam, Mohamed M and Wood, David and Summerville, Brent},
  year={2023},
  institution={National Renewable Energy Laboratory (NREL), Golden, CO (United States)}
}
