
@TECHREPORT{ad-AeroDyn:manual,
    title       = {AeroDyn Theory Manual},
    author      = {P. J. Moriarty and A. Craig Hansen},
    institution = {National Renewable Energy Laboratory},
    year        = 2005,
    month       = {December},
    note        = {NREL/EL-500-36881}
}

@TECHREPORT{ad-AeroDyn:manualUnsteady,
    title  = {The Unsteady Aerodynamics Module for FAST 8},
    author = {R. Damiani and G. Hayman},
    year   = 2019,
    institution = {National Renewable Energy Laboratory},
    note        = {NREL/TP-5000-66347}
}

@book{ad-Branlard:book,
    author = {E. Branlard},
    title = {Wind Turbine Aerodynamics and Vorticity-Based Methods: Fundamentals and Recent Applications},
    year = {2017},
    publisher= {Springer International Publishing},
    doi={10.1007/978-3-319-55164-7},
    isbn={ 978-3-319-55163-0}
}


@article{ad-Branlard:2022,
	author = {E Branlard and B Jonkman and G R Pirrung and K Dixon and J Jonkman},
	title = {Dynamic inflow and unsteady aerodynamics models for modal and stability analyses in {OpenFAST}},
	doi = {10.1088/1742-6596/2265/3/032044},
	year = 2022,
	publisher = {{IOP} Publishing},
	volume = {2265},
	number = {3},
	pages = {032044},
	journal = {Journal of Physics: Conference Series}
}

@article{ad-Hansen:book,
    author = {Hansen, M. O. L. and S{\o}rensen, J. N. and Voutsinas, S. and S{\o}rensen, N. and Madsen, H. Aa.},
    doi = {10.1016/j.paerosci.2006.10.002},
    journal = {Progress in Aerospace Sciences},
    keywords = {aeroelasticity,wind turbines},
    pages = {285--330},
    title = {{State of the art in wind turbine aerodynamics and aeroelasticity}},
    volume = {42},
    year = {2006}
}


@article{ad-Ning:2014,
    author = {Ning, S. Andrew},
    title = {A simple solution method for the blade element momentum equations with guaranteed convergence},
    journal = {Wind Energy},
    volume = {17},
    number = {9},
    pages = {1327-1345},
    keywords = {blade element momentum equations, robust solution methodology, guaranteed convergence},
    doi = {https://doi.org/10.1002/we.1636},
    year = {2014}
}


@techreport{ad-Hansen:2004,
  title = {A Beddoes-Leishman type dynamic stall model in state-space and indicial formulations},
  author = {Hansen, M.H. and Gaunaa, Mac and Aagaard Madsen, Helge},
  year = {2004},
  issn = {01062840},
  isbn = {8755030904},
  institution={Ris{\o} National Laboratory},
  address={Roskilde, Denmark}
}


@article{ad-Oye:1991,
    author = {S. {\O}ye},
    title = {Dynamic stall, simulated as a time lag of separation},
    year = {1991},
    journal= {Proceedings of the 4th IEA Symposium on the Aerodynamics of Wind Turbines},
    publisher={ETSU-N-118, Harwell Laboratory, UK}
}

@article{ad-LeishmanBeddoes:1989,
    author = {J. G. Leishman and T.S. Beddoes},
    title = {A semi-empirical model for dynamic stall},
    year = {1989},
    journal= {Journal of the American Helicopter Society},
    volume={34},
    number={3},
    pages={p3-17}
}

@techreport{ad-Murray:2011,
  title={The development of CACTUS : a wind and marine turbine performance simulation code.},
  author={J. Murray and M. Barone},
  year={2011},
  institution={49th AIAA Aerospace Sciences Meeting, Orlando, Florida}
}


@article{ad-hammam2022,
    author = {Mohamed M. Hammam and David H. Wood},
    title = {Aeroelastic modelling of tail fins for small wind turbines},
    year = {2022},
    journal= {Journal of Physics: Conference Series},
    volume= 1,
    number=1
}
