%% This BibTeX bibliography file was created using BibDesk.
%% http://bibdesk.sourceforge.net/


%% Created for Clifton, Andrew at 2014-07-30 18:45:30 -0600 


%% Saved with string encoding Unicode (UTF-8) 

@book{chapra2010,
    author    = "Chapra, S.C. and Canale, R.P. ",
    title     = "Numerical Methods for Engineers",
    year      = "2010",
    publisher = "McGraw-Hill Science/Engineering/Mat"
}

@inproceedings{song2013,
    author  = "Song, H. and Damiani, R. and Robertson, A. and Jonkman, J.",
    title   = "(2013). New Structural-Dynamics Module for Offshore Multimember Substructures within the Wind Turbine Computer-Aided Engineering Tool {FAST}",
    month = "June 30 -- July 5",
    year    = "2013",
    booktitle = "Proceedings of the 23rd International Ocean, Offshore and Polar Engineering Conference - ISOPE 2013",
    address = "Anchorage, Alaska",
    note = "https://www.nrel.gov/docs/fy15osti/63165.pdf"
}

% NOTE: clash with beamdyn reference since sphinx will use [Jon13] for both
@inproceedings{jjonkman2013,
    author  = "JJonkman",
    title   = "The New Modularization Framework for the {FAST} Wind Turbine {CAE} Tool.",
    month = "January 7 -- 10",
    year    = "2013",
    booktitle = "Proceedings of the 51st AIAA Aerospace Sciences Meeting and 31st ASME Wind Energy Symposium",
    address = "Grapevine, Texas"   
}

@inproceedings{hurty1964,
    author  = "Hurty, W.C.",
    title   = "On the Dynamic Analysis of Structural Systems Using Component Modes",
    month = "June 29--July 2",
    year    = "1964",
    booktitle = "Proceedings of the 51st AIAA Annual Meeting",
    address = "Washington, DC",   
    note = "AIAA Paper No. 64-487"
}

@article{craig1968,
    author  = "Craig, R. and Bampton, M.",
    title   = "Coupling of Substructures for Dynamic Analyses",
    year    = "1968",
    journal = "AIAA Journal",
    volume = "6",
    pages   = "1313 -- 1319"
}


% NOTE: clashes with BeamDyn references
@inproceedings{sprague2014,
    author  = "MSprague and Jonkman, J.M. and Jonkman, B.J.",
    title   = "{FAST} Modular Wind Turbine {CAE} Tool: Nonmatching Spatial and Temporal Meshes",
    month = "January",
    year    = "2014",
    booktitle = "Proceedings of the 32nd ASME Wind Energy Symposium",
    address = "National Harbor, Maryland"   
}


@techreport{panzer2009,
	Author = "Panzer, H. and Hubele, J. and Eid, R. and Lohmann, B.",
	Volume = "TRAC-4",
	Institution = "Technische Universitat Munchen",
	Title = "Generating a Parametric Finite Element Model of a 3D Cantilever Timoshenko Beam Using Matlab",
	Year = "2009",
	Note = "Technical Reports on Automatic Control"
}

@techreport{iso19902,
  Author                   = "{ISO}",
  Title                    = "{19902:2007} - Petroleum and natural gas industries -- Fixed steel offshore structures",
  Institution              = "{ISO}",
  Address                  = "Geneva, Switzerland",
  Revision                 = "1st edition",
  Year                     = "2007"
}

@TECHREPORT{api2014,
    title={Planning, Designing and Constructing Fixed Offshore Platforms - Working Stress Design},
    author={{API}},
    institution={{A}merican {P}etroleum {I}nstitute},
    number={{API} Recommended Practice {2A-WSD}, 22nd Edition},
    year=2014
}

@article{steinboeck2013,
    author  = "Steinboeck, A. and Kugi, A. and Mang, H",
    title   = "Energy-consistent shear coefficients for beams with circular cross sections and radially in homogeneous materials",
    year    = "2013",
    journal = "International Journal of Solids and Structures",
    volume  = "50",
    number  = "11--12",
    pages   = "1859--1868"
}

@TECHREPORT{subdyn:manual,
    title={SubDyn User's Guide and Theory Manual},
    author={R. Damiani and J. Jonkman and G. Hayman},
    institution={National Renewable Energy Laboratory},
    number={NREL/TP-5000-63062},
    year=2015
}

@article{damiani2013,
  author={R. Damiani and H. Song},
  title={A Jacket Sizing Tool for Offshore Wind Turbines within the Systems Engineering Initiative}, 
  year=2013,
  journal={Offshore Technology Conference},
  volume= 1,
  number=1
}
@article{damiani2013omae,
  author={R. Damiani and H. Song and A. Robertson and J. Jonkman},
  title={Assessing the Importance of Nonlinear Structural Characteristics in the Development of a Jacket Model for the Wind Turbine CAE Tool FAST.},
  year=2013,
  journal={32nd International Conference on Ocean, Offshore and Arctic Engineering},
  volume= 1,
  number=1
}

@inproceedings{damiani2013omaeB,
    author  = "Damiani, R. and Song, H. and Robertson, A. and Jonkman, J.",
    title   = "Assessing the Importance of Nonlinear Structural Characteristics in the Development of a Jacket Model for the Wind Turbine {CAE} Tool {FAST}",
    month = "Jne 9--14",
    year    = "2013",
    booktitle = "Proceedings of the 32nd International Conference on Ocean, Offshore and Arctic Engineering (OMAE2013)",
    address = "Nantes, France"   
}


@techreport{felippa,
    title={Introduction to finite element methods - Lecture notes (ASEN 5007)},
    author={Carlos A. Felippa},
    institution={{Department of Aerospace Engineering Sciences and Center for Aerospace Structures, University of Colorado, Boulder, CO, USA}},
    year={2004}
}

@book{cook,
    author = {Robert D. Cook },
    title = {Concepts and Applications of Finite Element Analysis},
    year = {2001},
    publisher= {John Wiley \& Sons}
}

@techreport{jonkmantcf,
    title={Implementation of Substructure Flexibility and Member-Level Load Capabilities for Floating Offshore Wind Turbines in OpenFAST},
    author={Jason Jonkman and Emmanuel Branlard and Matthew Hall and Greg Hayman and Andy Platt and Amy Robertson},
    institution={National Renewable Energy Laboratory},
    number={NREL/TP-5000-76822},
    year=2020
}
