%% This BibTeX bibliography file was created using BibDesk.
%% http://bibdesk.sourceforge.net/


%% Saved with string encoding Unicode (UTF-8) 



@article{Arnold:2007,
	Author = {Arnold, Martin and Br{\"u}ls, Olivier},
	Date-Added = {2018-08-08 09:47:28 -0600},
	Date-Modified = {2018-08-08 09:48:00 -0600},
	Journal = {Multibody System Dynamics},
	Number = {2},
	Pages = {185--202},
	Publisher = {Springer},
	Title = {Convergence of the generalized-$\alpha$ scheme for constrained mechanical systems},
	Volume = {18},
	Year = {2007}}

@manual{Bauchau:DymoreMan,
	Author = {Bauchau, O.A.},
	Date-Added = {2018-08-08 09:30:04 -0600},
	Date-Modified = {2018-08-08 09:33:12 -0600},
	Organization = {Department of Aerospace Engineering, University of Maryland},
	Title = {Dymore User's Manual: The generalized-$\alpha$ time integration scheme},
	Url = {http://www.dymoresolutions.com/UsersManual/AnalysisControls/GeneralizedAlpha.pdf}}

@book{HodgesBeamBook,
	Author = {Dewey H. Hodges},
	Publisher = {AIAA},
	Title = {Nonlinear Composite Beam Theory},
	Year = {2006}}

@book{Bauchau:2010,
	Author = {Bauchau, O.A.},
	Doi = {10.1007/978-94-007-0335-3},
	Publisher = {Springer},
	Title = {Flexible Multibody Dynamics},
	Year = {2010},
	Bdsk-Url-1 = {https://doi.org/10.1007/978-94-007-0335-3}}

@article{Bauchau-etal:2008,
	Author = {Bauchau, O.A. and Epple, A. and Heo, S.D.},
	Journal = {Proceedings of the Institution of Mechanical Engineers, Part K: Journal of Multi-body Dynamics},
	Pages = {353--366},
	Title = {Interpolation of finite rotations in flexible multibody dynamics simulations},
	Volume = {222},
	Year = {2008}}

@article{Crisfield1999,
	Author = {G. Jeleni\'{c} and M. A. Crisfield},
	Journal = {Computer Methods in Applied Mechanics and Engineering},
	Pages = {141--171},
	Title = {Geometrically exact 3D beam theory: implementation of a strain-invariant finite element for statics and dynamics},
	Volume = {171},
	Year = {1999}}

@inproceedings{Wang:GEBT2013,
	Address = {Boston, Massachusetts},
	Author = {Q. Wang and W. Yu and M.A. Sprague},
	Booktitle = {Proceedings of the 54th Structures, Structural Dynamics, and Materials Conference},
	Month = {April},
	Title = {Gemoetrically nonlinear analysis of composite beams using Wiener-Milenkovi\'c parameters},
	Year = {2013}}

@inproceedings{Wang:SFE2013,
	Address = {Boston, Massachusetts},
	Author = {Q. Wang and M.A. Sprague},
	Booktitle = {Proceedings of the 54th Structures, Structural Dynamics, and Materials Conference},
	Month = {April},
	Title = {A Legendre spectral finite element implementation of geometrically exact beam theory},
	Year = {2013}}

@inproceedings{Wang:GEBT2014,
	Address = {National Harbor, Maryland},
	Author = {Q. Wang and M.A. Sprague and J. Jonkman and N. Johnson},
	Booktitle = {Proceedings of the 32nd ASME Wind Energy Symposium},
	Month = {January},
	Title = {Nonlinear Legendre spectral finite elements for wind turbine blade dynamics},
	Year = {2014}}

@inproceedings{Wang:2015,
	Address = {Kissimmee, Florida},
	Author = {Q. Wang and N. Johnson and M.A. Sprague and J. Jonkman},
	Booktitle = {Proceedings of the 33rd ASME Wind Energy Symposium},
	Month = {January},
	Note = {https://www.nrel.gov/docs/fy15osti/63165.pdf},
	Title = {BeamDyn: a high-fidelity wind turbine blade solver in the FAST modular framework},
	Year = {2015}}

@inproceedings{Wang:2016,
	Address = {San Diego, California},
	Author = {Q. Wang and M.A. Sprague and J. Jonkman and B. Jonkman},
	Booktitle = {Proceedings of the 34th ASME Wind Energy Symposium},
	Month = {January},
	Title = {Partitioned nonlinear structural analysis of wind turbines using BeamDyn},
	Year = {2016}}

@inproceedings{Jonkman:2013,
	Address = {Grapevine, Texas},
	Author = {J.M. Jonkman},
	Booktitle = {Proceedings of the 51st AIAA Aerospace Sciences Meeting including the New Horizons Forum and Aerospace Exposition},
	Month = {January},
	Title = {The new modularization framework for the FAST wind turbine CAE tool},
	Year = {2013}}

@inproceedings{Sprague:2013,
	Address = {Grapevine, Texas},
	Author = {Gasmi, A. and Sprague, M.A. and Jonkman, J.M.},
	Booktitle = {Proceedings of the 51st AIAA Aerospace Sciences Meeting including the New Horizons Forum and Aerospace Exposition},
	Month = {January},
	Title = {Numerical stability and accuracy of temporally coupled multi physics modules in wind-turbine CAE tools},
	Year = {2013}}

@inproceedings{Sprague:2014,
	Address = {National Harbor, Maryland},
	Author = {Sprague, M.A. and Jonkman, J.M. and Jonkman, B.J.},
	Booktitle = {Proceedings of the 32nd ASME Wind Energy Symposium},
	Month = {January},
	Title = {FAST modular wind turbine CAE tool: non matching spatial and temporal meshes},
	Year = {2014}}

@misc{website:FASTModularizationFramework,
	Author = {Jason Jonkman and Bonnie Jonkman},
	Howpublished = {\url{https://nwtc.nrel.gov/FAST8}},
	Month = {October},
	Note = {[Online; accessed 29-OCTOBER-2014]},
	Title = {FAST v8},
	Year = {2013}}

@article{Patera:1984,
	Author = {Patera, A. T.},
	Journal = {Journal of Computational Physics},
	Pages = {468--488},
	Title = {A spectral element method for fluid dynamics: Laminar flow in a channel expansion},
	Volume = {54},
	Year = {1984}}

@article{Ronquist:1987,
	Author = {Ronquist, E. M. and Patera, A. T.},
	Journal = {International Journal for Numerical Methods in Engineering},
	Pages = {2273--2299},
	Title = {A Legendre spectral element method for the Stefan problem},
	Volume = {24},
	Year = {1987}}

@article{Sprague:2003,
	Author = {M. A. Sprague and T. L. Geers},
	Journal = {Journal of Computational Physics},
	Pages = {149--162},
	Title = {Spectral elements and field separation for an acoustic fluid subject to cavitation},
	Volume = {184},
	Year = {2003}}

@article{Sprague:2004,
	Author = {M. A. Sprague and T. L. Geers},
	Journal = {International Journal for Numerical Methods in Engineering},
	Pages = {2467--2499},
	Title = {A spectral-element method for modeling cavitation in transient fluid-structure interaction},
	Volume = {60},
	Year = {2004}}

@article{Bathe-Cimento:1980,
	Author = {K. J. Bathe and A. P. Cimento},
	Doi = {10.1016/0045-7825(80)90051-1},
	Journal = {Computer Methods in Applied Mechanics and Engineering},
	Note = {\url{http://web.mit.edu/kjb/www/Publications_Prior_to_1998/Some_Practical_Procedures_for_the_Solution_of_Nonlinear_Finite_Element_Equations.pdf}},
	Pages = {59--85},
	Title = {Some practical procedures for the solution of nonlinear finite element equations},
	Volume = {22},
	Year = {1980},
	Bdsk-Url-1 = {https://doi.org/10.1016/0045-7825(80)90051-1}}

@article{Chung-Hulbert:1993,
	Author = {J. Chung and G. M. Hulbert},
	Doi = {10.1115/1.2900803},
	Journal = {Journal of Applied Mechanics},
	Pages = {371--375},
	Title = {A time integration algorithm for structural dynamics with improved numerical dissipation: the generalized-$\alpha$ method},
	Volume = {60},
	Year = {1993},
	Bdsk-Url-1 = {https://doi.org/10.1115/1.2900803}}

@techreport{TechReportTest,
	Author = {A. N. Other and Y. A. Nother},
	Date-Added = {2014-07-30 00:01:12 +0000},
	Date-Modified = {2014-07-30 00:04:56 +0000},
	Howpublished = {Accessed July 21, 2014: \url{http:www.nrel.gov}},
	Institution = {National Renewable Energy Laboratory},
	Title = {A technical report},
	Year = {2014}}

@misc{texstackexchange,
	Author = {Anon.},
	Date-Added = {2014-07-29 21:38:55 +0000},
	Date-Modified = {2014-07-31 00:45:25 +0000},
	Howpublished = {Accessed July 21, 2014: \href{http://tex.stackexchange.com}{http://tex.stackexchange.com}},
	Title = {\TeX -- \LaTeX Stack Exchange},
	Year = {2014}}

@inbook{chicago,
	Date-Added = {2013-03-29 20:33:11 +0000},
	Date-Modified = {2013-03-29 20:33:11 +0000},
	Edition = {Thirteenth},
	Key = {Chicago},
	Pages = {400--401},
	Publisher = {University of Chicago Press},
	Title = {The Chicago Manual of Style},
	Year = 1982}

@book{Knuth_1984_a,
	Author = {Donald E. Knuth},
	Date-Added = {2013-03-29 20:33:11 +0000},
	Date-Modified = {2013-03-29 20:36:20 +0000},
	Publisher = {Addison-Wesley},
	Title = {The {{\TeX}book}},
	Year = 1984}

@book{Lamport_1986_a,
	Author = {Leslie Lamport},
	Date-Added = {2013-03-29 20:33:11 +0000},
	Date-Modified = {2013-03-29 20:33:57 +0000},
	Publisher = {Addison-Wesley},
	Title = {{\LaTeX \rm:} {A} Document Preparation System},
	Year = 1986}
