%% This BibTeX bibliography file was created using BibDesk.
%% http://bibdesk.sourceforge.net/

%% Created for Vijayakumar, Ganesh at 2016-12-07 16:45:28 -0700 


%% Saved with string encoding Unicode (UTF-8) 

@inbook{churchfield2012,
	Annote = {doi:10.2514/6.2012-537},
	Author = {Churchfield, Matthew and Lee, Sang and Moriarty, Patrick and Martinez, Luis and Leonardi, Stefano and Vijayakumar, Ganesh and Brasseur, James},
	Booktitle = {50th AIAA Aerospace Sciences Meeting including the New Horizons Forum and Aerospace Exposition},
	Doi = {doi:10.2514/6.2012-537},
	Month = {2017/07/18},
	Publisher = {American Institute of Aeronautics and Astronautics},
	Title = {A Large-Eddy Simulation of Wind-Plant Aerodynamics},
	Title1 = {Aerospace Sciences Meeting},
	Ty = {CHAP},
	Url = {https://doi.org/10.2514/6.2012-537},
	Year = {2012}}


@techreport{beamdynManual,
	Author = {Wang, Q and Jonkman, Jason and Sprague, Michael A, and Jonkman, Bonnie},
	Date-Added = {2016-12-07 23:35:57 +0000},
	Date-Modified = {2016-12-07 23:37:15 +0000},
	Institution = {National Renewable Energy Laboratory},
	Month = {March},
	Title = {BeamDyn User's Guide and Theory Manual},
	Year = {2016}}

@article{martinez2016,
	Author = {Luis A. Martinez-Tossas and Matthew J. Churchfield and Charles Meneveau},
	Journal = {Journal of Physics: Conference Series},
	Number = {8},
	Pages = {082014},
	Title = {A Highly Resolved Large-Eddy Simulation of a Wind Turbine using an Actuator Line Model with Optimal Body Force Projection},
	Url = {http://stacks.iop.org/1742-6596/753/i=8/a=082014},
	Volume = {753},
	Year = {2016}}

@techreport{fastProgrammersHandbook,
	Author = {B.J. Jonkman and J. Michalakes and J.M. Jonkman and M.L. Buhl and Jr. and A. Platt and and M.A. Sprague},
	Institution = {National Renewable Energy Laboratory},
	Month = {July},
	Title = {NWTC Programmer's Handbook: A Guide for Software Development Within the FAST Computer-Aided Engineering Tool},
	Year = {2013}}

@techreport{aerodynV15Manual,
	Author = {J.M. Jonkman},
	Institution = {National Renewable Energy Laboratory},
	Month = {April},
	Title = {AeroDyn v15 User's Guide and Theory Manual},
	Year = {2016}}

@techreport{naluDoc,
	Address = {https://github.com/spdomin/NaluDoc},
	Author = {Stefan Domino},
	Institution = {Sandia National Laboratories Unclassified Unlimited Release (UUR)},
	Number = {SAND2015-3107W},
	Title = {Sierra Low Mach Module: Nalu Theory Manual 1.0},
	Year = {2015}}

@techreport{fastv8AlgorithmsExamples,
	Author = {Michael A. Sprague and Jason M. Jonkman and Bonnie J. Jonkman},
	Institution = {National Renewable Energy Laboratory},
	Month = {January},
	Number = {NREL/CP-2C00-63203},
	Title = {FAST Modular Framework for Wind Turbine Simulation: New Algorithms and Numerical Examples},
	Year = {2015}}

@techreport{fastv8ModFramework,
	Author = {Jason M. Jonkman},
	Date-Added = {2016-07-21 19:25:11 +0000},
	Date-Modified = {2016-07-21 19:26:24 +0000},
	Institution = {National Renewable Energy Laboratory},
	Month = {January},
	Number = {NREL/CP-5000-57228},
	Title = {The New Modularization Framework for the FAST Wind Turbine CAE Tool},
	Year = {2013}}

@techreport{fastv8,
	Author = {Jason M. Jonkman and Bonnie J. Jonkman},
	Date-Added = {2016-07-21 19:15:10 +0000},
	Date-Modified = {2016-07-21 19:28:31 +0000},
	Institution = {National Renewable Energy Laboratory},
	Month = {April},
	Title = {FAST v8: Changelog},
	Year = {2016}}

@techreport{fastv7,
	Author = {Jason M. Jonkman and Marshall L. Buhl Jr.},
	Date-Added = {2016-07-21 18:11:47 +0000},
	Date-Modified = {2016-07-21 18:13:07 +0000},
	Institution = {National Renewable Energy Laboratory},
	Month = {August},
	Number = {NREL/EL-500-38230},
	Title = {FAST User's Guide},
	Year = {2005}}

@techreport{fleming2013,
	Author = {Paul Fleming and Sang Lee and Matthew J. Churchfield and Andrew Scholbrock and John Michalakes and Kathryn Johnson and and Patrick Moriarty},
	Date-Added = {2016-07-21 18:05:29 +0000},
	Date-Modified = {2016-07-21 19:30:03 +0000},
	Institution = {National Renewable Energy Laboratory},
	Month = {January},
	Number = {NREL/CP-5000-57175},
	Title = {The SOWFA Super-Controller: A High-Fidelity Tool for Evaluating Wind Plant Control Approaches},
	Year = {2013}}

@misc{MPI-3.1,
	Author = {MPI Forum},
	Month = {June},
	Note = {available at: http://www.mpi-forum.org (Jun. 2015)},
	Title = {MPI: A Message-Passing Interface Standard. Version 3.1},
	Year = {2015}}

@misc{hdf5,
	Author = {The HDF Group},
	Note = {http://www.hdfgroup.org/HDF5/},
	Title = {Hierarchical Data Format, version 5},
	Year = {1997}}
